%YAML 1.1
%TAG !u! tag:unity3d.com,2011:
--- !u!1 &5079893944137457294
GameObject:
  m_ObjectHideFlags: 0
  m_CorrespondingSourceObject: {fileID: 0}
  m_PrefabInstance: {fileID: 0}
  m_PrefabAsset: {fileID: 0}
  serializedVersion: 6
  m_Component:
  - component: {fileID: 7076916501773815654}
  m_Layer: 0
  m_Name: T_DB_TJunc
  m_TagString: Untagged
  m_Icon: {fileID: 0}
  m_NavMeshLayer: 0
  m_StaticEditorFlags: 0
  m_IsActive: 1
--- !u!4 &7076916501773815654
Transform:
  m_ObjectHideFlags: 0
  m_CorrespondingSourceObject: {fileID: 0}
  m_PrefabInstance: {fileID: 0}
  m_PrefabAsset: {fileID: 0}
  m_GameObject: {fileID: 5079893944137457294}
  m_LocalRotation: {x: 0, y: 0, z: 0, w: 1}
  m_LocalPosition: {x: 0, y: 0, z: 0}
  m_LocalScale: {x: 1, y: 1, z: 1}
  m_Children:
  - {fileID: 6653206999079469115}
  - {fileID: 1207399266303564282}
  - {fileID: 523908335327594138}
  - {fileID: 7534195967629206291}
  - {fileID: 7650486948406491514}
  - {fileID: 4257940673939097258}
  m_Father: {fileID: 0}
  m_RootOrder: 0
  m_LocalEulerAnglesHint: {x: 0, y: 0, z: 0}
--- !u!1001 &522897689319576455
PrefabInstance:
  m_ObjectHideFlags: 0
  serializedVersion: 2
  m_Modification:
    m_TransformParent: {fileID: 7076916501773815654}
    m_Modifications:
    - target: {fileID: 1693423355179518589, guid: c2aea5b959c593f43b99fc467c94e18a, type: 3}
      propertyPath: m_RootOrder
      value: 1
      objectReference: {fileID: 0}
    - target: {fileID: 1693423355179518589, guid: c2aea5b959c593f43b99fc467c94e18a, type: 3}
      propertyPath: m_LocalPosition.x
      value: 0
      objectReference: {fileID: 0}
    - target: {fileID: 1693423355179518589, guid: c2aea5b959c593f43b99fc467c94e18a, type: 3}
      propertyPath: m_LocalPosition.y
      value: 0
      objectReference: {fileID: 0}
    - target: {fileID: 1693423355179518589, guid: c2aea5b959c593f43b99fc467c94e18a, type: 3}
      propertyPath: m_LocalPosition.z
      value: 0
      objectReference: {fileID: 0}
    - target: {fileID: 1693423355179518589, guid: c2aea5b959c593f43b99fc467c94e18a, type: 3}
      propertyPath: m_LocalRotation.w
      value: 1
      objectReference: {fileID: 0}
    - target: {fileID: 1693423355179518589, guid: c2aea5b959c593f43b99fc467c94e18a, type: 3}
      propertyPath: m_LocalRotation.x
      value: 0
      objectReference: {fileID: 0}
    - target: {fileID: 1693423355179518589, guid: c2aea5b959c593f43b99fc467c94e18a, type: 3}
      propertyPath: m_LocalRotation.y
      value: 0
      objectReference: {fileID: 0}
    - target: {fileID: 1693423355179518589, guid: c2aea5b959c593f43b99fc467c94e18a, type: 3}
      propertyPath: m_LocalRotation.z
      value: 0
      objectReference: {fileID: 0}
    - target: {fileID: 1693423355179518589, guid: c2aea5b959c593f43b99fc467c94e18a, type: 3}
      propertyPath: m_LocalEulerAnglesHint.x
      value: 0
      objectReference: {fileID: 0}
    - target: {fileID: 1693423355179518589, guid: c2aea5b959c593f43b99fc467c94e18a, type: 3}
      propertyPath: m_LocalEulerAnglesHint.y
      value: 0
      objectReference: {fileID: 0}
    - target: {fileID: 1693423355179518589, guid: c2aea5b959c593f43b99fc467c94e18a, type: 3}
      propertyPath: m_LocalEulerAnglesHint.z
      value: 0
      objectReference: {fileID: 0}
    - target: {fileID: 8342461762626862543, guid: c2aea5b959c593f43b99fc467c94e18a, type: 3}
      propertyPath: m_Name
      value: DungeonFloor
      objectReference: {fileID: 0}
    m_RemovedComponents: []
  m_SourcePrefab: {fileID: 100100000, guid: c2aea5b959c593f43b99fc467c94e18a, type: 3}
--- !u!4 &1207399266303564282 stripped
Transform:
  m_CorrespondingSourceObject: {fileID: 1693423355179518589, guid: c2aea5b959c593f43b99fc467c94e18a, type: 3}
  m_PrefabInstance: {fileID: 522897689319576455}
  m_PrefabAsset: {fileID: 0}
--- !u!1001 &610226114721273117
PrefabInstance:
  m_ObjectHideFlags: 0
  serializedVersion: 2
  m_Modification:
    m_TransformParent: {fileID: 7076916501773815654}
    m_Modifications:
    - target: {fileID: 1095147331095991175, guid: 7cfce308947d65749b83c8551e97e6e3, type: 3}
      propertyPath: m_RootOrder
      value: 2
      objectReference: {fileID: 0}
    - target: {fileID: 1095147331095991175, guid: 7cfce308947d65749b83c8551e97e6e3, type: 3}
      propertyPath: m_LocalPosition.x
      value: 0
      objectReference: {fileID: 0}
    - target: {fileID: 1095147331095991175, guid: 7cfce308947d65749b83c8551e97e6e3, type: 3}
      propertyPath: m_LocalPosition.y
      value: 0
      objectReference: {fileID: 0}
    - target: {fileID: 1095147331095991175, guid: 7cfce308947d65749b83c8551e97e6e3, type: 3}
      propertyPath: m_LocalPosition.z
      value: 0
      objectReference: {fileID: 0}
    - target: {fileID: 1095147331095991175, guid: 7cfce308947d65749b83c8551e97e6e3, type: 3}
      propertyPath: m_LocalRotation.w
      value: 1
      objectReference: {fileID: 0}
    - target: {fileID: 1095147331095991175, guid: 7cfce308947d65749b83c8551e97e6e3, type: 3}
      propertyPath: m_LocalRotation.x
      value: 0
      objectReference: {fileID: 0}
    - target: {fileID: 1095147331095991175, guid: 7cfce308947d65749b83c8551e97e6e3, type: 3}
      propertyPath: m_LocalRotation.y
      value: 0
      objectReference: {fileID: 0}
    - target: {fileID: 1095147331095991175, guid: 7cfce308947d65749b83c8551e97e6e3, type: 3}
      propertyPath: m_LocalRotation.z
      value: 0
      objectReference: {fileID: 0}
    - target: {fileID: 1095147331095991175, guid: 7cfce308947d65749b83c8551e97e6e3, type: 3}
      propertyPath: m_LocalEulerAnglesHint.x
      value: 0
      objectReference: {fileID: 0}
    - target: {fileID: 1095147331095991175, guid: 7cfce308947d65749b83c8551e97e6e3, type: 3}
      propertyPath: m_LocalEulerAnglesHint.y
      value: 0
      objectReference: {fileID: 0}
    - target: {fileID: 1095147331095991175, guid: 7cfce308947d65749b83c8551e97e6e3, type: 3}
      propertyPath: m_LocalEulerAnglesHint.z
      value: 0
      objectReference: {fileID: 0}
    - target: {fileID: 8321524740815789852, guid: 7cfce308947d65749b83c8551e97e6e3, type: 3}
      propertyPath: m_Name
      value: Entrance_N (1)
      objectReference: {fileID: 0}
    m_RemovedComponents: []
  m_SourcePrefab: {fileID: 100100000, guid: 7cfce308947d65749b83c8551e97e6e3, type: 3}
--- !u!4 &523908335327594138 stripped
Transform:
  m_CorrespondingSourceObject: {fileID: 1095147331095991175, guid: 7cfce308947d65749b83c8551e97e6e3, type: 3}
  m_PrefabInstance: {fileID: 610226114721273117}
  m_PrefabAsset: {fileID: 0}
--- !u!1001 &3757551070228927789
PrefabInstance:
  m_ObjectHideFlags: 0
  serializedVersion: 2
  m_Modification:
    m_TransformParent: {fileID: 7076916501773815654}
    m_Modifications:
    - target: {fileID: 1095147331095991175, guid: 7cfce308947d65749b83c8551e97e6e3, type: 3}
      propertyPath: m_RootOrder
      value: 5
      objectReference: {fileID: 0}
    - target: {fileID: 1095147331095991175, guid: 7cfce308947d65749b83c8551e97e6e3, type: 3}
      propertyPath: m_LocalPosition.x
      value: 0
      objectReference: {fileID: 0}
    - target: {fileID: 1095147331095991175, guid: 7cfce308947d65749b83c8551e97e6e3, type: 3}
      propertyPath: m_LocalPosition.y
      value: 0
      objectReference: {fileID: 0}
    - target: {fileID: 1095147331095991175, guid: 7cfce308947d65749b83c8551e97e6e3, type: 3}
      propertyPath: m_LocalPosition.z
      value: 0
      objectReference: {fileID: 0}
    - target: {fileID: 1095147331095991175, guid: 7cfce308947d65749b83c8551e97e6e3, type: 3}
      propertyPath: m_LocalRotation.w
      value: 0
      objectReference: {fileID: 0}
    - target: {fileID: 1095147331095991175, guid: 7cfce308947d65749b83c8551e97e6e3, type: 3}
      propertyPath: m_LocalRotation.x
      value: 0
      objectReference: {fileID: 0}
    - target: {fileID: 1095147331095991175, guid: 7cfce308947d65749b83c8551e97e6e3, type: 3}
      propertyPath: m_LocalRotation.y
      value: 1
      objectReference: {fileID: 0}
    - target: {fileID: 1095147331095991175, guid: 7cfce308947d65749b83c8551e97e6e3, type: 3}
      propertyPath: m_LocalRotation.z
      value: 0
      objectReference: {fileID: 0}
    - target: {fileID: 1095147331095991175, guid: 7cfce308947d65749b83c8551e97e6e3, type: 3}
      propertyPath: m_LocalEulerAnglesHint.x
      value: 0
      objectReference: {fileID: 0}
    - target: {fileID: 1095147331095991175, guid: 7cfce308947d65749b83c8551e97e6e3, type: 3}
      propertyPath: m_LocalEulerAnglesHint.y
      value: 180
      objectReference: {fileID: 0}
    - target: {fileID: 1095147331095991175, guid: 7cfce308947d65749b83c8551e97e6e3, type: 3}
      propertyPath: m_LocalEulerAnglesHint.z
      value: 0
      objectReference: {fileID: 0}
    - target: {fileID: 8321524740815789852, guid: 7cfce308947d65749b83c8551e97e6e3, type: 3}
      propertyPath: m_Name
      value: Entrance_N (3)
      objectReference: {fileID: 0}
    m_RemovedComponents: []
  m_SourcePrefab: {fileID: 100100000, guid: 7cfce308947d65749b83c8551e97e6e3, type: 3}
--- !u!4 &4257940673939097258 stripped
Transform:
  m_CorrespondingSourceObject: {fileID: 1095147331095991175, guid: 7cfce308947d65749b83c8551e97e6e3, type: 3}
  m_PrefabInstance: {fileID: 3757551070228927789}
  m_PrefabAsset: {fileID: 0}
--- !u!1001 &7284928542540196605
PrefabInstance:
  m_ObjectHideFlags: 0
  serializedVersion: 2
  m_Modification:
    m_TransformParent: {fileID: 7076916501773815654}
    m_Modifications:
    - target: {fileID: 1095147331095991175, guid: 7cfce308947d65749b83c8551e97e6e3, type: 3}
      propertyPath: m_RootOrder
      value: 4
      objectReference: {fileID: 0}
    - target: {fileID: 1095147331095991175, guid: 7cfce308947d65749b83c8551e97e6e3, type: 3}
      propertyPath: m_LocalPosition.x
      value: 0
      objectReference: {fileID: 0}
    - target: {fileID: 1095147331095991175, guid: 7cfce308947d65749b83c8551e97e6e3, type: 3}
      propertyPath: m_LocalPosition.y
      value: 0
      objectReference: {fileID: 0}
    - target: {fileID: 1095147331095991175, guid: 7cfce308947d65749b83c8551e97e6e3, type: 3}
      propertyPath: m_LocalPosition.z
      value: 0
      objectReference: {fileID: 0}
    - target: {fileID: 1095147331095991175, guid: 7cfce308947d65749b83c8551e97e6e3, type: 3}
      propertyPath: m_LocalRotation.w
      value: 0.7071068
      objectReference: {fileID: 0}
    - target: {fileID: 1095147331095991175, guid: 7cfce308947d65749b83c8551e97e6e3, type: 3}
      propertyPath: m_LocalRotation.x
      value: 0
      objectReference: {fileID: 0}
    - target: {fileID: 1095147331095991175, guid: 7cfce308947d65749b83c8551e97e6e3, type: 3}
      propertyPath: m_LocalRotation.y
      value: 0.7071068
      objectReference: {fileID: 0}
    - target: {fileID: 1095147331095991175, guid: 7cfce308947d65749b83c8551e97e6e3, type: 3}
      propertyPath: m_LocalRotation.z
      value: 0
      objectReference: {fileID: 0}
    - target: {fileID: 1095147331095991175, guid: 7cfce308947d65749b83c8551e97e6e3, type: 3}
      propertyPath: m_LocalEulerAnglesHint.x
      value: 0
      objectReference: {fileID: 0}
    - target: {fileID: 1095147331095991175, guid: 7cfce308947d65749b83c8551e97e6e3, type: 3}
      propertyPath: m_LocalEulerAnglesHint.y
      value: 90
      objectReference: {fileID: 0}
    - target: {fileID: 1095147331095991175, guid: 7cfce308947d65749b83c8551e97e6e3, type: 3}
      propertyPath: m_LocalEulerAnglesHint.z
      value: 0
      objectReference: {fileID: 0}
    - target: {fileID: 8321524740815789852, guid: 7cfce308947d65749b83c8551e97e6e3, type: 3}
      propertyPath: m_Name
      value: Entrance_N (2)
      objectReference: {fileID: 0}
    m_RemovedComponents: []
  m_SourcePrefab: {fileID: 100100000, guid: 7cfce308947d65749b83c8551e97e6e3, type: 3}
--- !u!4 &7650486948406491514 stripped
Transform:
  m_CorrespondingSourceObject: {fileID: 1095147331095991175, guid: 7cfce308947d65749b83c8551e97e6e3, type: 3}
  m_PrefabInstance: {fileID: 7284928542540196605}
  m_PrefabAsset: {fileID: 0}
--- !u!1001 &7460870960452138496
PrefabInstance:
  m_ObjectHideFlags: 0
  serializedVersion: 2
  m_Modification:
    m_TransformParent: {fileID: 7076916501773815654}
    m_Modifications:
    - target: {fileID: 1082132521476347155, guid: 7d1a92466dd647f4a994768a8d90e331, type: 3}
      propertyPath: m_RootOrder
      value: 3
      objectReference: {fileID: 0}
    - target: {fileID: 1082132521476347155, guid: 7d1a92466dd647f4a994768a8d90e331, type: 3}
      propertyPath: m_LocalPosition.x
      value: 0
      objectReference: {fileID: 0}
    - target: {fileID: 1082132521476347155, guid: 7d1a92466dd647f4a994768a8d90e331, type: 3}
      propertyPath: m_LocalPosition.y
      value: 0
      objectReference: {fileID: 0}
    - target: {fileID: 1082132521476347155, guid: 7d1a92466dd647f4a994768a8d90e331, type: 3}
      propertyPath: m_LocalPosition.z
      value: 0
      objectReference: {fileID: 0}
    - target: {fileID: 1082132521476347155, guid: 7d1a92466dd647f4a994768a8d90e331, type: 3}
      propertyPath: m_LocalRotation.w
      value: -0.7071068
      objectReference: {fileID: 0}
    - target: {fileID: 1082132521476347155, guid: 7d1a92466dd647f4a994768a8d90e331, type: 3}
      propertyPath: m_LocalRotation.x
      value: 0
      objectReference: {fileID: 0}
    - target: {fileID: 1082132521476347155, guid: 7d1a92466dd647f4a994768a8d90e331, type: 3}
      propertyPath: m_LocalRotation.y
      value: 0.7071068
      objectReference: {fileID: 0}
    - target: {fileID: 1082132521476347155, guid: 7d1a92466dd647f4a994768a8d90e331, type: 3}
      propertyPath: m_LocalRotation.z
      value: -0
      objectReference: {fileID: 0}
    - target: {fileID: 1082132521476347155, guid: 7d1a92466dd647f4a994768a8d90e331, type: 3}
      propertyPath: m_LocalEulerAnglesHint.x
      value: 0
      objectReference: {fileID: 0}
    - target: {fileID: 1082132521476347155, guid: 7d1a92466dd647f4a994768a8d90e331, type: 3}
      propertyPath: m_LocalEulerAnglesHint.y
      value: 270
      objectReference: {fileID: 0}
    - target: {fileID: 1082132521476347155, guid: 7d1a92466dd647f4a994768a8d90e331, type: 3}
      propertyPath: m_LocalEulerAnglesHint.z
      value: 0
      objectReference: {fileID: 0}
    - target: {fileID: 6655079872376034626, guid: 7d1a92466dd647f4a994768a8d90e331, type: 3}
      propertyPath: m_Name
      value: LavaWall (2)
      objectReference: {fileID: 0}
    m_RemovedComponents: []
  m_SourcePrefab: {fileID: 100100000, guid: 7d1a92466dd647f4a994768a8d90e331, type: 3}
--- !u!4 &7534195967629206291 stripped
Transform:
  m_CorrespondingSourceObject: {fileID: 1082132521476347155, guid: 7d1a92466dd647f4a994768a8d90e331, type: 3}
  m_PrefabInstance: {fileID: 7460870960452138496}
  m_PrefabAsset: {fileID: 0}
--- !u!1001 &7628550806328790534
PrefabInstance:
  m_ObjectHideFlags: 0
  serializedVersion: 2
  m_Modification:
    m_TransformParent: {fileID: 7076916501773815654}
    m_Modifications:
    - target: {fileID: 3725068203538877160, guid: ccbc814ee8c2bfa4aa3cfa91e5535425, type: 3}
      propertyPath: m_Name
      value: WallCorners
      objectReference: {fileID: 0}
    - target: {fileID: 3858175347945705021, guid: ccbc814ee8c2bfa4aa3cfa91e5535425, type: 3}
      propertyPath: m_RootOrder
      value: 0
      objectReference: {fileID: 0}
    - target: {fileID: 3858175347945705021, guid: ccbc814ee8c2bfa4aa3cfa91e5535425, type: 3}
      propertyPath: m_LocalPosition.x
      value: 0
      objectReference: {fileID: 0}
    - target: {fileID: 3858175347945705021, guid: ccbc814ee8c2bfa4aa3cfa91e5535425, type: 3}
      propertyPath: m_LocalPosition.y
      value: 0
      objectReference: {fileID: 0}
    - target: {fileID: 3858175347945705021, guid: ccbc814ee8c2bfa4aa3cfa91e5535425, type: 3}
      propertyPath: m_LocalPosition.z
      value: 0
      objectReference: {fileID: 0}
    - target: {fileID: 3858175347945705021, guid: ccbc814ee8c2bfa4aa3cfa91e5535425, type: 3}
      propertyPath: m_LocalRotation.w
      value: 1
      objectReference: {fileID: 0}
    - target: {fileID: 3858175347945705021, guid: ccbc814ee8c2bfa4aa3cfa91e5535425, type: 3}
      propertyPath: m_LocalRotation.x
      value: 0
      objectReference: {fileID: 0}
    - target: {fileID: 3858175347945705021, guid: ccbc814ee8c2bfa4aa3cfa91e5535425, type: 3}
      propertyPath: m_LocalRotation.y
      value: 0
      objectReference: {fileID: 0}
    - target: {fileID: 3858175347945705021, guid: ccbc814ee8c2bfa4aa3cfa91e5535425, type: 3}
      propertyPath: m_LocalRotation.z
      value: 0
      objectReference: {fileID: 0}
    - target: {fileID: 3858175347945705021, guid: ccbc814ee8c2bfa4aa3cfa91e5535425, type: 3}
      propertyPath: m_LocalEulerAnglesHint.x
      value: 0
      objectReference: {fileID: 0}
    - target: {fileID: 3858175347945705021, guid: ccbc814ee8c2bfa4aa3cfa91e5535425, type: 3}
      propertyPath: m_LocalEulerAnglesHint.y
      value: 0
      objectReference: {fileID: 0}
    - target: {fileID: 3858175347945705021, guid: ccbc814ee8c2bfa4aa3cfa91e5535425, type: 3}
      propertyPath: m_LocalEulerAnglesHint.z
      value: 0
      objectReference: {fileID: 0}
    m_RemovedComponents: []
  m_SourcePrefab: {fileID: 100100000, guid: ccbc814ee8c2bfa4aa3cfa91e5535425, type: 3}
--- !u!4 &6653206999079469115 stripped
Transform:
  m_CorrespondingSourceObject: {fileID: 3858175347945705021, guid: ccbc814ee8c2bfa4aa3cfa91e5535425, type: 3}
  m_PrefabInstance: {fileID: 7628550806328790534}
  m_PrefabAsset: {fileID: 0}
